
@Book{walter:_learningGuide,
  author = 	 {Derek Walter, Mark Sherman},
  title = 	 {Learning MIT App Inventor: A Hands-On Guide to Building Your Own Android Apps},
  publisher = 	 {Addison-Wesley Professional},
  year = 	 2014
}
@Misc{appinventordoc:_appinventordoc,
  title =	 "{App} {Inventor}",
  note =	 {\\ http://appinventor.mit.edu/explore/}
}
@Misc{pythondoc:_pythondoc,
  title =	 "{Documentación} {Python}",
  note =	 {\\ https://www.python.org/}
}
@book{Pilgrim:2009:DP:1592936,
 author = {Pilgrim, Mark},
 title = {Dive Into Python},
 year = {2009},
 isbn = {1441413022},
 publisher = {CreateSpace},
 address = {Paramount, CA},
}
@Misc{djangodoc:_djangodoc,
  title =	 "{Documentación} {Django}",
  note =	 {\\ https://www.djangoproject.com/}
}
@book{holovaty2009definitive,
  title={The definitive guide to Django: Web development done right},
  author={Holovaty, Adrian and Kaplan-Moss, Jacob},
  year={2009},
  publisher={Apress}
}

@Misc{w3doc:_w3doc,
  title =	 {W3Schools},
  note =	 {\\ https://www.w3schools.com/sql/}
}
@book{Johnson:2015:CHC:2789698,
 author = {Johnson, Frederic and Jenkins, Steve and Crute, Adam and Wallace, James},
 title = {Coding HTML and CSS: Expert Advice, Made Easy},
 year = {2015},
 isbn = {1783613920, 9781783613922},
 publisher = {Flame Tree Publishing},
 address = {United Kingdom},
}

@Misc{sqldoc:_sqldoc,
  title =	 {SQLite},
  note =	 {\\ http://www.sqlite.org/}
}

@book{Newman:2004:SQL:1201593,
 author = {Newman, Chris},
 title = {SQLite (Developer's Library)},
 year = {2004},
 isbn = {067232685X},
 publisher = {Sams},
 address = {Indianapolis, IN, USA},
} 
@Misc{wwwdoc:_wwwdoc,
  title =	 "{World} {Wide} {Web} {Consortium} {(W3C)}",
  note =	 {\\ https://www.w3.org}
}
@Misc{bootdoc:_bootdoc,
  title =	 {Bootstrap},
  note =	 {\\ http://getbootstrap.com/}
}

@book{radford2015learning,
  title={Learning Web Development with Bootstrap and AngularJS},
  author={Radford, S.},
  isbn={9781783287567},
  series={Community experience distilled},
  url={https://books.google.es/books?id=DaO\_CQAAQBAJ},
  year={2015},
  publisher={Packt Publishing}
}
@book{tinoco2014programacion,
  title={Programaci{\'o}n Web con CSS, JavaScript, PHP y AJAX: },
  author={Tinoco, E.E.C. and Sol{\'\i}s, I.S.},
  isbn={9786124679117},
  url={https://books.google.es/books?id=QRG-CQAAQBAJ},
  year={2014},
  publisher={Iv{\'a}n Soria Sol{\'\i}s}
}
@Misc{boottheme:_boottheme,
  title =	 "{Plantilla} {Bootstrap}",
  note =	 {\\ https://startbootstrap.com/}
}


